<?xml version="1.0" encoding="UTF-8"?><collection xmlns="http://www.loc.gov/MARC21/slim"><record><leader>00456nam--2200133-i-4500</leader><controlfield tag="001">000014620</controlfield><controlfield tag="002">20161230</controlfield><controlfield tag="005">20161230201030</controlfield><controlfield tag="008">060222s1000------------r-----000-0-eng-d</controlfield><datafield ind1=" " ind2=" " tag="245"><subfield code="a">Central institut of physics annual report of the department for nuclear electronics and methods january 1, 1981-december 31, 1982</subfield></datafield><datafield ind1=" " ind2=" " tag="260"><subfield code="a">Bucharest, Central Institute Of Physics, 1982</subfield></datafield><datafield ind1=" " ind2=" " tag="490"><subfield code="a">Vi + 130 P</subfield></datafield><datafield ind1=" " ind2=" " tag="700"><subfield code="a">Apostolescu, S</subfield></datafield><datafield ind1=" " ind2=" " tag="852"><subfield code="a">539.1.08:681.3.02(047.1)</subfield></datafield></record></collection>